<?xml version="1.0" encoding="UTF-8"?><collection xmlns="http://www.loc.gov/MARC21/slim"><record><leader>00543nam--2200181-i-4500</leader><controlfield tag="001">000013611</controlfield><controlfield tag="002">20161230</controlfield><controlfield tag="005">20161230201030</controlfield><controlfield tag="008">060222s1000------------r-----000-0-eng-d</controlfield><datafield ind1=" " ind2=" " tag="020"><subfield code="a">0444415882</subfield></datafield><datafield ind1=" " ind2=" " tag="040"><subfield code="a">IFIN-HH</subfield></datafield><datafield ind1=" " ind2=" " tag="080"><subfield code="a">535.375.5:535.338.42(082.1)</subfield></datafield><datafield ind1="1" ind2=" " tag="100"><subfield code="a">Durig, James R</subfield></datafield><datafield ind1="1" ind2="0" tag="245"><subfield code="a">Vibrational spectra and structure</subfield><subfield code="b">A series of advances. volume 6</subfield><subfield code="c">JAMES R. DURIG (Ed.)</subfield></datafield><datafield ind1=" " ind2=" " tag="260"><subfield code="a">NEW YORK</subfield><subfield code="b">Elsevier Scientific Publishing Company</subfield><subfield code="c">1977</subfield></datafield><datafield ind1=" " ind2=" " tag="300"><subfield code="a">XIV+397P</subfield></datafield><datafield ind1=" " ind2=" " tag="852"><subfield code="a">45422</subfield><subfield code="c">535.33</subfield></datafield><datafield ind1=" " ind2=" " tag="CAT"><subfield code="a">Sys</subfield><subfield code="c">20101213</subfield><subfield code="h">160144</subfield></datafield></record></collection>